@article{10.1145/1541880.1541883,
  author = {Batini, Carlo and Cappiello, Cinzia and Francalanci, Chiara and Maurino, Andrea},
  title = {Methodologies for Data Quality Assessment and Improvement},
  year = {2009},
  issue_date = {July 2009},
  publisher = {Association for Computing Machinery},
  address = {New York, NY, USA},
  volume = {41},
  number = {3},
  issn = {0360-0300},
  url = {https://doi.org/10.1145/1541880.1541883},
  doi = {10.1145/1541880.1541883},
  journal = {ACM Comput. Surv.},
  month = jul,
  articleno = {16},
  numpages = {52},
  keywords = {information system, data quality assessment, Data quality, data quality improvement, methodology, quality dimension, data quality measurement}
}
@techreport{census/jaro76,
  added-at = {2006-03-07T21:19:39.000+0100},
  author = {Jaro, Matthew A.},
  biburl = {https://www.bibsonomy.org/bibtex/242f41fb75a77fec25383ce0d2120e928/pirot},
  institution = {U.S. Bureau of the Census, Washington, D.C.},
  interhash = {3abb4714fb721ebed0673a4802d4808a},
  intrahash = {42f41fb75a77fec25383ce0d2120e928},
  keywords = {imported},
  timestamp = {2006-03-07T21:19:39.000+0100},
  title = {UNIMATCH: A Record Linkage System: User's Manual},
  year = 1976
}
@inproceedings{winkler90,
  added-at = {2006-02-14T15:21:42.000+0100},
  author = {Winkler, William E.},
  biburl = {https://www.bibsonomy.org/bibtex/2a2dcfaedc01b2ffcab7afaffc6bd03bc/sam_chapman},
  booktitle = {Proceedings of the Section on Survey Research},
  interhash = {15e98ae8cdc43683f96562982e68f1b8},
  intrahash = {a2dcfaedc01b2ffcab7afaffc6bd03bc},
  keywords = {purge sunters information felligi integration merge},
  location = {Wachington, DC},
  pages = {354--359},
  timestamp = {2006-02-14T15:21:42.000+0100},
  title = {String Comparator Metrics and Enhanced Decision
                  Rules in the Fellegi-Sunter Model of Record Linkage},
  year = 1990
}
@article{fellegi69,
  added-at = {2006-02-14T14:04:24.000+0100},
  author = {Fellegi, I. P. and Sunter, A. B.},
  biburl = {https://www.bibsonomy.org/bibtex/25dfa82b38e4f69ecac20c3115e60a8c8/sam_chapman},
  interhash = {fe4a496536197f77ca6f29cd03ac19e4},
  intrahash = {5dfa82b38e4f69ecac20c3115e60a8c8},
  journal = {Journal of the American Statistical Association},
  keywords = {purge record linkage merge database},
  location = {Wachington, DC},
  pages = {1183--1210},
  timestamp = {2006-02-14T14:04:24.000+0100},
  title = {A Theory for Record Linkage},
  volume = 64,
  year = 1969
}


